@article{martinintegrated,
  title={An Integrated Approach to Visual Perception of Articulated Objects},
  author={Mart{\i}n-Mart{\i}n, Roberto and H{\"o}fer, Sebastian and Brock, Oliver}
}

@article{chien2002efficient,
  title={Efficient moving object segmentation algorithm using background registration technique},
  author={Chien, Shao-Yi and Ma, Shyh-Yih and Chen, Liang-Gee},
  journal={IEEE Transactions on Circuits and Systems for Video Technology},
  volume={12},
  number={7},
  pages={577--586},
  year={2002},
  publisher={IEEE}
}

@article{friston2011action,
  title={Action understanding and active inference},
  author={Friston, Karl and Mattout, J{\'e}r{\'e}mie and Kilner, James},
  journal={Biological cybernetics},
  volume={104},
  number={1-2},
  pages={137--160},
  year={2011},
  publisher={Springer}
}

@article{friston2010action,
  title={Action and behavior: a free-energy formulation},
  author={Friston, Karl J and Daunizeau, Jean and Kilner, James and Kiebel, Stefan J},
  journal={Biological cybernetics},
  volume={102},
  number={3},
  pages={227--260},
  year={2010},
  publisher={Springer}
}

@article{friston2015active,
  title={Active inference and epistemic value},
  author={Friston, Karl and Rigoli, Francesco and Ognibene, Dimitri and Mathys, Christoph and Fitzgerald, Thomas and Pezzulo, Giovanni},
  journal={Cognitive neuroscience},
  volume={6},
  number={4},
  pages={187--214},
  year={2015},
  publisher={Taylor \& Francis}
}

@article{mohan2011passive,
  title={Passive motion paradigm: an alternative to optimal control},
  author={Mohan, Vishwanathan and Morasso, Pietro},
  journal={Frontiers in neurorobotics},
  volume={5},
  pages={4},
  year={2011},
  publisher={Frontiers}
}

@article{mohan2013inference,
  title={Inference through embodied simulation in cognitive robots},
  author={Mohan, Vishwanathan and Morasso, Pietro and Sandini, Giulio and Kasderidis, Stathis},
  journal={Cognitive Computation},
  volume={5},
  number={3},
  pages={355--382},
  year={2013},
  publisher={Springer}
}

@inproceedings{mishra2009active,
  title={Active segmentation for robotics},
  author={Mishra, Ajay and Aloimonos, Yiannis and Fermuller, Cornelia},
  booktitle={2009 IEEE/RSJ International Conference on Intelligent Robots and Systems},
  pages={3133--3139},
  year={2009},
  organization={IEEE}
}

@inproceedings{nori2015simultaneous,
  title={Simultaneous state and dynamics estimation in articulated structures},
  author={Nori, Francesco and Kuppuswamy, Naveen and Traversaro, Silvio},
  booktitle={Intelligent Robots and Systems (IROS), 2015 IEEE/RSJ International Conference on},
  pages={3380--3386},
  year={2015},
  organization={IEEE}
}

@inproceedings{papon2013voxel,
  title={Voxel cloud connectivity segmentation-supervoxels for point clouds},
  author={Papon, Jeremie and Abramov, Alexey and Schoeler, Markus and Worgotter, Florentin},
  booktitle={Proceedings of the IEEE Conference on Computer Vision and Pattern Recognition},
  pages={2027--2034},
  year={2013}
}

@article{krainin2011manipulator,
  title={Manipulator and object tracking for in-hand 3d object modeling},
  author={Krainin, Michael and Henry, Peter and Ren, Xiaofeng and Fox, Dieter},
  journal={The International Journal of Robotics Research},
  volume={30},
  number={11},
  pages={1311--1327},
  year={2011},
  publisher={SAGE Publications}
}

@article{ochs2014segmentation,
  title={Segmentation of moving objects by long term video analysis},
  author={Ochs, Peter and Malik, Jitendra and Brox, Thomas},
  journal={IEEE transactions on pattern analysis and machine intelligence},
  volume={36},
  number={6},
  pages={1187--1200},
  year={2014},
  publisher={IEEE}
}

@inproceedings{stuckler2013efficient,
  title={Efficient Dense 3D Rigid-Body Motion Segmentation in RGB-D Video.},
  author={St{\"u}ckler, J{\"o}rg and Behnke, Sven},
  booktitle={BMVC},
  year={2013}
}

@inproceedings{martin2014online,
  title={Online interactive perception of articulated objects with multi-level recursive estimation based on task-specific priors},
  author={Martin, Roberto Martin and Brock, Oliver},
  booktitle={2014 IEEE/RSJ International Conference on Intelligent Robots and Systems},
  pages={2494--2501},
  year={2014},
  organization={IEEE}
}

@inproceedings{wuthrich2013probabilistic,
  title={Probabilistic object tracking using a range camera},
  author={W{\"u}thrich, Manuel and Pastor, Peter and Kalakrishnan, Mrinal and Bohg, Jeannette and Schaal, Stefan},
  booktitle={2013 IEEE/RSJ International Conference on Intelligent Robots and Systems},
  pages={3195--3202},
  year={2013},
  organization={IEEE}
}

@article{sturm2011probabilistic,
  title={A probabilistic framework for learning kinematic models of articulated objects},
  author={Sturm, J{\"u}rgen and Stachniss, Cyrill and Burgard, Wolfram},
  journal={Journal of Artificial Intelligence Research},
  volume={41},
  pages={477--526},
  year={2011}
}

@article{pillai2015learning,
  title={Learning articulated motions from visual demonstration},
  author={Pillai, Sudeep and Walter, Matthew R and Teller, Seth},
  journal={arXiv preprint arXiv:1502.01659},
  year={2015}
}


@inproceedings{hausman2015active,
  title={Active articulation model estimation through interactive perception},
  author={Hausman, Karol and Niekum, Scott and Osentoski, Sarah and Sukhatme, Gaurav S},
  booktitle={2015 IEEE International Conference on Robotics and Automation (ICRA)},
  pages={3305--3312},
  year={2015},
  organization={IEEE}
}

@misc{Tirupachuri:2016:Online,
author = {Yeshasvi Tirupachuri},
title = {SimplePMP Module},
year = {2016 (accessed September 20, 2016)}, 
howpublished = "\url{https://github.com/Yeshasvitvs/simplePMP}"
}

@misc{simplePMP_Demo:2016:Online,
author = {Yeshasvi Tirupachuri},
title = {SimplePMP Module Demo`},
year = {2016 (accessed September 20, 2016)}, 
howpublished = "\url{https://youtu.be/u0FmbWRxIG8}"
}

@misc{YARP,
title = {yarp},
year = {(accessed September 20, 2016)}, 
howpublished = "\url{http://www.yarp.it/}"
}

@misc{SCP,
title = {Leveraging Machine Learning Alternatively},
year = {(accessed September 12, 2017)}, 
howpublished = "\url{http://itn-pace.eu/leveraging-machine-learning-alternatively-by-venkata-tirupachuri/}"
}

@inproceedings{niemeyer1997simple,
  title={A simple strategy for opening an unknown door},
  author={Niemeyer, G{\"u}nter and Slotine, J-JE},
  booktitle={Robotics and Automation, 1997. Proceedings., 1997 IEEE International Conference on},
  volume={2},
  pages={1448--1453},
  year={1997},
  organization={IEEE}
}

@inproceedings{jain2009pulling,
  title={Pulling open novel doors and drawers with equilibrium point control},
  author={Jain, Advait and Kemp, Charles C},
  booktitle={Humanoid Robots, 2009. Humanoids 2009. 9th IEEE-RAS International Conference on},
  pages={498--505},
  year={2009},
  organization={IEEE}
}

@inproceedings{katz2007interactive,
  title={Interactive Perception: Closing the Gap Between Action and Perception},
  author={Katz, Dov and Brock, Oliver},
  booktitle={ICRA 2007 Workshop: From features to actions-Unifying perspectives in computational and robot vision},
  year={2007}
}

@inproceedings{katz2008manipulating,
  title={Manipulating articulated objects with interactive perception},
  author={Katz, Dov and Brock, Oliver},
  booktitle={Robotics and Automation, 2008. ICRA 2008. IEEE International Conference on},
  pages={272--277},
  year={2008},
  organization={IEEE}
}

@article{brock2009learning,
  title={Learning to manipulate articulated objects in unstructured environments using a grounded relational representation},
  author={Brock, Dov Katz Yuri Pyuro Oliver},
  journal={Robotics: Science and Systems IV},
  pages={254},
  year={2009},
  publisher={MIT Press}
}

@inproceedings{sturm2009learning,
  title={Learning Kinematic Models for Articulated Objects.},
  author={Sturm, J{\"u}rgen and Pradeep, Vijay and Stachniss, Cyrill and Plagemann, Christian and Konolige, Kurt and Burgard, Wolfram},
  booktitle={IJCAI},
  pages={1851--1856},
  year={2009}
}

@inproceedings{sturm20103d,
  title={3d pose estimation, tracking and model learning of articulated objects from dense depth video using projected texture stereo},
  author={Sturm, J{\"u}rgen and Konolige, Kurt and Stachniss, Cyrill and Burgard, Wolfram},
  booktitle={RGB-D: Advanced Reasoning with Depth Cameras Workshop, RSS},
  year={2010}
}

@inproceedings{sturm2010operating,
  title={Operating articulated objects based on experience},
  author={Sturm, J{\"u}rgen and Jain, Advait and Stachniss, Cyrill and Kemp, Charles C and Burgard, Wolfram},
  booktitle={Intelligent Robots and Systems (IROS), 2010 IEEE/RSJ International Conference on},
  pages={2739--2744},
  year={2010},
  organization={IEEE}
}

@inproceedings{otte2014entropy,
  title={Entropy-based strategies for physical exploration of the environment's degrees of freedom},
  author={Otte, Stefan and Kulick, Johannes and Toussaint, Marc and Brock, Oliver},
  booktitle={Intelligent Robots and Systems (IROS 2014), 2014 IEEE/RSJ International Conference on},
  pages={615--622},
  year={2014},
  organization={IEEE}
}

@article{martin2017building,
  title={Building Kinematic and Dynamic Models of Articulated Objects with Multi-Modal Interactive Perception},
  author={Mart{\i}n-Mart{\i}n, Roberto and Brock, Oliver},
  year={2017}
}

@inproceedings{hoffman2014yarp,
  title={Yarp based plugins for gazebo simulator},
  author={Hoffman, Enrico Mingo and Traversaro, Silvio and Rocchi, Alessio and Ferrati, Mirko and Settimi, Alessandro and Romano, Francesco and Natale, Lorenzo and Bicchi, Antonio and Nori, Francesco and Tsagarakis, Nikos G},
  booktitle={International Workshop on Modelling and Simulation for Autonomous Systems},
  pages={333--346},
  year={2014},
  organization={Springer}
}

@article{nori2015icub,
  title={iCub whole-body control through force regulation on rigid non-coplanar contacts},
  author={Nori, Francesco and Traversaro, Silvio and Eljaik, Jorhabib and Romano, Francesco and Del Prete, Andrea and Pucci, Daniele},
  journal={Frontiers in Robotics and AI},
  volume={2},
  pages={6},
  year={2015},
  publisher={Frontiers}
}

@article{Aruco2014,
 title = "Automatic generation and detection of highly reliable fiducial markers under occlusion ",
 journal = "Pattern Recognition ",
 volume = "47",
 number = "6",
 pages = "2280 - 2292",
 year = "2014",
 issn = "0031-3203",
 doi = "http://dx.doi.org/10.1016/j.patcog.2014.01.005",
 url = "http://www.sciencedirect.com/science/article/pii/S0031320314000235",
 author = "S. Garrido-Jurado and R. Mu\~noz-Salinas and F.J. Madrid-Cuevas and M.J. Mar\'in-Jim\'enez"
}

@misc{icub_hands_urdf,
title = {iCub Hands URDF Files},
year = {(accessed September 11, 2017)}, 
howpublished = "\url{https://github.com/Yeshasvitvs/icub_hands_urdf/}"
}

@misc{icub_hands_contact_tuning,
title = {iCub Hands Contact Tuning},
year = {(accessed September 11, 2017)}, 
howpublished = "\url{https://github.com/robotology/icub-gazebo/pull/36}"
}

@book{featherstone2014rigid,
  title={Rigid body dynamics algorithms},
  author={Featherstone, Roy},
  year={2014},
  publisher={Springer}
}

@article{orin2013centroidal,
  title={Centroidal dynamics of a humanoid robot},
  author={Orin, David E and Goswami, Ambarish and Lee, Sung-Hee},
  journal={Autonomous Robots},
  volume={35},
  number={2-3},
  pages={161--176},
  year={2013},
  publisher={Springer}
}